@article{DBLP:journals/corr/abs-1301-3781,
  author    = {Tomas Mikolov and
               Kai Chen and
               Greg Corrado and
               Jeffrey Dean},
  title     = {Efficient Estimation of Word Representations in Vector Space},
  journal   = {CoRR},
  volume    = {abs/1301.3781},
  year      = {2013},
  url       = {http://arxiv.org/abs/1301.3781},
  archivePrefix = {arXiv},
  eprint    = {1301.3781},
  timestamp = {Mon, 13 Aug 2018 16:48:33 +0200},
  biburl    = {https://dblp.org/rec/bib/journals/corr/abs-1301-3781},
  bibsource = {dblp computer science bibliography, https://dblp.org}
}

@ARTICLE{spacy2,
   AUTHOR  = {Honnibal, Matthew AND Montani, Ines},
   TITLE   = {spaCy 2: Natural language understanding with Bloom embeddings, convolutional neural networks and incremental parsing},
   YEAR    = {2017},
   JOURNAL = {To appear}
}

@inproceedings{rehurek_lrec,
      title = {{Software Framework for Topic Modelling with Large Corpora}},
      author = {Radim {\v R}eh{\r u}{\v r}ek and Petr Sojka},
      booktitle = {{Proceedings of the LREC 2010 Workshop on New
           Challenges for NLP Frameworks}},
      pages = {45--50},
      year = 2010,
      month = May,
      day = 22,
      publisher = {ELRA},
      address = {Valletta, Malta},
      note={\url{http://is.muni.cz/publication/884893/en}},
      language={English}
}

@InProceedings{TIEDEMANN12.463,
  author = {Jörg Tiedemann},
  title = {Parallel Data, Tools and Interfaces in OPUS},
  booktitle = {Proceedings of the Eight International Conference on Language Resources and Evaluation (LREC'12)},
  year = {2012},
  month = {may},
  date = {23-25},
  address = {Istanbul, Turkey},
  editor = {Nicoletta Calzolari (Conference Chair) and Khalid Choukri and Thierry Declerck and Mehmet Uğur Doğan and Bente Maegaard and Joseph Mariani and Asuncion Moreno and Jan Odijk and Stelios Piperidis},
  publisher = {European Language Resources Association (ELRA)},
  isbn = {978-2-9517408-7-7},
  language = {english}
 } 
 
 @article{Collobert:2011:NLP:1953048.2078186,
 author = {Collobert, Ronan and Weston, Jason and Bottou, L{\'e}on and Karlen, Michael and Kavukcuoglu, Koray and Kuksa, Pavel},
 title = {Natural Language Processing (Almost) from Scratch},
 journal = {J. Mach. Learn. Res.},
 issue_date = {2/1/2011},
 volume = {12},
 month = nov,
 year = {2011},
 issn = {1532-4435},
 pages = {2493--2537},
 numpages = {45},
 url = {http://dl.acm.org/citation.cfm?id=1953048.2078186},
 acmid = {2078186},
 publisher = {JMLR.org},
} 

@inproceedings{DBLP:conf/lrec/ReeseBCPR10,
  author    = {Samuel Reese and
               Gemma Boleda and
               Montse Cuadros and
               Llu{\'{\i}}s Padr{\'{o}} and
               German Rigau},
  title     = {Wikicorpus: {A} Word-Sense Disambiguated Multilingual Wikipedia Corpus},
  booktitle = {Proceedings of the International Conference on Language Resources
               and Evaluation, {LREC} 2010, 17-23 May 2010, Valletta, Malta},
  year      = {2010},
  crossref  = {DBLP:conf/lrec/2010},
  url       = {http://www.lrec-conf.org/proceedings/lrec2010/summaries/222.html},
  timestamp = {Wed, 02 Jun 2010 19:27:18 +0200},
  biburl    = {https://dblp.org/rec/bib/conf/lrec/ReeseBCPR10},
  bibsource = {dblp computer science bibliography, https://dblp.org}
}
